@article{cooley1965algorithm,
  title={An algorithm for the machine calculation of complex Fourier series},
  author={Cooley, James W and Tukey, John W},
  journal={Mathematics of computation},
  volume={19},
  number={90},
  pages={297--301},
  year={1965},
  publisher={JSTOR}
}

@book{strang2007computational,
  title={Computational science and engineering},
  author={Strang, Gilbert},
  volume={1},
  year={2007},
  publisher={Wellesley-Cambridge Press}
}

@book{oppenheim1999discrete,
  title={Discrete-time signal processing},
  author={Oppenheim, Alan V and Schafer, Ronald W},
  year={1999},
  publisher={Prentice Hall}
}

@article{frigo1998fftw,
  title={FFTW: An adaptive software architecture for the FFT},
  author={Frigo, Matteo and Johnson, Steven G},
  journal={Proceedings of the 1998 IEEE International Conference on Acoustics, Speech and Signal Processing},
  volume={3},
  pages={1381--1384},
  year={1998},
  publisher={IEEE}
}

@book{brigham1988fast,
  title={The fast Fourier transform and its applications},
  author={Brigham, Oran E},
  year={1988},
  publisher={Prentice Hall}
}

@article{intel2016intrinsics,
  title={Intel Intrinsics Guide},
  author={{Intel Corporation}},
  journal={Intel Developer Zone},
  year={2016},
  url={https://software.intel.com/sites/landingpage/IntrinsicsGuide/}
}

@book{strauss2008partial,
  title={Partial differential equations: an introduction},
  author={Strauss, Walter A},
  year={2008},
  publisher={John Wiley \& Sons}
}

@article{numpy2020array,
  title={Array programming with {NumPy}},
  author={Harris, Charles R and others},
  journal={Nature},
  volume={585},
  number={7825},
  pages={357--362},
  year={2020},
  publisher={Nature Publishing Group}
}

@book{fog2016optimizing,
  title={Optimizing software in C++},
  author={Fog, Agner},
  year={2016},
  publisher={Copenhagen University College of Engineering}
}

@article{duhamel1990fast,
  title={Fast Fourier transforms: a tutorial review and a state of the art},
  author={Duhamel, Pierre and Vetterli, Martin},
  journal={Signal processing},
  volume={19},
  number={4},
  pages={259--299},
  year={1990},
  publisher={Elsevier}
}